@misc{cern_SM,
  author = {CERN},
  title = {The Standard Model},
  howpublished = {\url{https://www.home.cern/science/physics/standard-model}},
},

@book{HL_LHC_report,
  title        = "{The European Physical Society Conference on High Energy Physics (EPS-HEP 2019)}",
  author       = "{CERN}",
  year         = {2020},
  publisher    = "{}",
  doi          = "10.23731/CYRM-2020-0010"
}, 

@techreport{PhaseII_Atlas,
  author        = "ATLAS,  Collaboration",
  title         = "{Letter of Intent for the Phase-II Upgrade of the ATLAS Experiment}",
  institution   = "CERN",
  reportNumber  = "CERN-LHCC-2012-022, LHCC-I-023",
  address       = "Geneva",
  year          = "2012",
  url           = "https://cds.cern.ch/record/1502664",
}

@techreport{PhaseII_CMS,
  author       = "CERN LHC experiments Committee",
  title        = "Technical proposal for a MIP timing detector in the CMS experiment Phase 2 upgrade",
  reportNumber = "CERN-LHCC-2017-027 ; LHCC-P-009",
  address       = "Geneva",
  year         = "2017",
  primaryClass = "hep-ex",
  url          = "https://cds.cern.ch/record/2296612"
}

@article{MRPCs_AliceTOF,
  title = {The ALICE time of flight system},
  journal = {Nuclear Physics B - Proceedings Supplements},
  volume = {125},
  pages = {193-197},
  year = {2003},
  note = {Innovative Particle and Radiation Detectors},
  issn = {0920-5632},
  doi = {https://doi.org/10.1016/S0920-5632(03)90990-X},
  url = {https://www.sciencedirect.com/science/article/pii/S092056320390990X},
  author = {P. Antonioli},
}

@book{detectors,
  author = {Kolanoski, Hermann and Wermes, Norbert},
  title = {Particle Detectors: Fundamentals and Applications},
  publisher = {Oxford University Press},
  year = {2020},
  month = {06},
  isbn = {9780198858362},
  doi = {10.1093/oso/9780198858362.001.0001},
  url = {https://doi.org/10.1093/oso/9780198858362.001.0001},
  eprint = {https://academic.oup.com/book/43645/book-pdf/50609306/9780191899232\_web.pdf},
}

@book{SolidState,
  author    = {J. R. Hook and H. E. Hall},
  title     = {Solid State Physics},
  year      = {1995},
  publisher = {John Wiley \& Sons},
  address   = {Chichester, UK},
  edition   = {2nd}
}

@article{Si_Crystals_planes,
  author={Bean, K.E. and Gleim, P.S.},
  journal={Proceedings of the IEEE}, 
  title={The influence of crystal orientation on silicon semiconductor processing}, 
  year={1969},
  volume={57},
  number={9},
  pages={1469-1476},
  keywords={Silicon;Etching;Crystallography;Circuits;Crystals;Chemical technology;Isolation technology;Semiconductor films;Dielectric films;Epitaxial growth},
  doi={10.1109/PROC.1969.7320}
}

@book{PhysicsOfSemiconductors,
  author    = {Simon M. Sze and Kwok K. Ng},
  title     = {Physics of Semiconductor Devices},
  edition   = {3rd},
  year      = {2006},
  publisher = {Wiley},
  isbn      = {978-0470068328}
}

@book{leroy2012silicon,
  author    = {Claude Leroy and Pier-Giorgio Rancoita},
  title     = {Silicon Solid State Devices and Radiation Detection},
  year      = {2012},
  publisher = {World Scientific},
  isbn      = {978-9814390040}
}

@article{Drude,
  author = {Drude, P.},
  title = {Zur Elektronentheorie der Metalle},
  journal = {Annalen der Physik},
  volume = {306},
  number = {3},
  pages = {566-613},
  doi = {https://doi.org/10.1002/andp.19003060312},
  url = {https://onlinelibrary.wiley.com/doi/abs/10.1002/andp.19003060312},
  eprint = {https://onlinelibrary.wiley.com/doi/pdf/10.1002/andp.19003060312},
year = {1900}
}

@article{drift_velocity_vs_E,
  author={Caughey, D.M. and Thomas, R.E.},
  journal={Proceedings of the IEEE}, 
  title={Carrier mobilities in silicon empirically related to doping and field}, 
  year={1967},
  volume={55},
  number={12},
  pages={2192-2193},
  keywords={Silicon;Doping;Electron mobility;Charge carrier processes;Conductors;Density measurement;Conductivity;Equations;Portable media players;Board of Directors},
  doi={10.1109/PROC.1967.6123}}

@article{beta_drift_velocity,
  author = {Thornber, K. K.},
  title = {Relation of drift velocity to low‐field mobility and high‐field saturation velocity},
  journal = {Journal of Applied Physics},
  volume = {51},
  number = {4},
  pages = {2127-2136},
  year = {1980},
  month = {04},
  issn = {0021-8979},
  doi = {10.1063/1.327885},
  url = {https://doi.org/10.1063/1.327885},
  eprint = {https://pubs.aip.org/aip/jap/article-pdf/51/4/2127/18387995/2127\_1\_online.pdf},
}

@article{Shockley–Ramo,
  title = {Review of the Shockley–Ramo theorem and its application in semiconductor gamma-ray detectors},
  journal = {Nuclear Instruments and Methods in Physics Research Section A: Accelerators, Spectrometers, Detectors and Associated Equipment},
  volume = {463},
  number = {1},
  pages = {250-267},
  year = {2001},
  issn = {0168-9002},
  doi = {https://doi.org/10.1016/S0168-9002(01)00223-6},
  url = {https://www.sciencedirect.com/science/article/pii/S0168900201002236},
  author = {Zhong He},
  keywords = {Shockley–Ramo theorem, Radiation detectors, Single polarity charge sensing, X- and γ-ray spectrometers, Wide band-gap semiconductors, Position sensitive detectors},
}




%%%%%%%%%%%%%%%%%%%%%%%%%%%
%%%%%%%% CHAPTER 2 %%%%%%%%
%%%%%%%%%%%%%%%%%%%%%%%%%%%




@techreport{PreShower_TP,
  author        = "Boyd, Jamie",
  title         = "{The FASER W-Si High Precision Preshower Technical Proposal}",
  institution   = "CERN",
  reportNumber  = "CERN-LHCC-2022-006, LHCC-P-023",
  address       = "Geneva",
  year          = "2022",
  url           = "https://cds.cern.ch/record/2803084",
}

@article{TTPET-110ps,
  doi = {10.1088/1748-0221/14/02/P02009},
  url = {https://dx.doi.org/10.1088/1748-0221/14/02/P02009},
  year = {2019},
  month = {feb},
  publisher = {},
  volume = {14},
  number = {02},
  pages = {P02009},
  author = {Paolozzi, L. and Bandi, Y. and Cardarelli, R. and Débieux, S. and Favre, Y. and Ferrère, D. and Forshaw, D. and Hayakawa, D. and Iacobucci, G. and Kaynak, M. and Miucci, A. and Nessi, M. and Ripiccini, E. and Rücker, H. and Valerio, P. and Weber, M.},
  title = {Characterization of the demonstrator of the fast silicon monolithic ASIC for the TT-PET project},
  journal = {Journal of Instrumentation},
}

@article{Monolith_20ps,
  doi = {10.1088/1748-0221/18/03/P03047},
  url = {https://dx.doi.org/10.1088/1748-0221/18/03/P03047},
  year = {2023},
  month = {mar},
  publisher = {IOP Publishing},
  volume = {18},
  number = {03},
  pages = {P03047},
  author = {Zambito, S. and Milanesio, M. and Moretti, T. and Paolozzi, L. and Munker, M. and Cardella, R. and Kugathasan, T. and Martinelli, F. and Picardi, A. and Elviretti, M. and Rücker, H. and Trusch, A. and Cadoux, F. and Cardarelli, R. and Débieux, S. and Favre, Y. and Fenoglio, C.A. and Ferrere, D. and Gonzalez-Sevilla, S. and Iodice, L. and Kotitsa, R. and Magliocca, C. and Nessi, M. and Pizarro-Medina, A. and Sabater Iglesias, J. and Saidi, J. and Vicente Barreto Pinto, M. and Iacobucci, G.},
  title = {20 ps time resolution with a fully-efficient monolithic silicon pixel detector without internal gain layer},
  journal = {Journal of Instrumentation},
}


@thesis{Paolozzi_thesis,
      author        = "Paolozzi, Lorenzo",
      title         = "{Development of particle detectors and related Front End
                       electronics for sub-nanosecond time measurement in high
                       radiation environment.}",
      school        = "Rome U.",
      year          = "2015",
      url           = "https://cds.cern.ch/record/2318760",
}

@thesis{Picardi_thesis,
      author        = "Picardi, Antonio",
      title         = "{Fast timing SiGe BiCMOS monolithic silicon pixel ASIC for
                       HEP and medical imaging}",
      school        = "U. Geneva (main)",
      year          = "2024",
      url           = "https://cds.cern.ch/record/2921627",
      note          = "Presented 28 Oct 2024",
}


@article{flipChip,
title = {Flip chip bumping technology—Status and update},
journal = {Nuclear Instruments and Methods in Physics Research Section A: Accelerators, Spectrometers, Detectors and Associated Equipment},
volume = {565},
number = {1},
pages = {290-295},
year = {2006},
note = {Proceedings of the International Workshop on Semiconductor Pixel Detectors for Particles and Imaging},
issn = {0168-9002},
doi = {https://doi.org/10.1016/j.nima.2006.05.046},
url = {https://www.sciencedirect.com/science/article/pii/S0168900206007728},
author = {M. {Juergen Wolf} and Gunter Engelmann and Lothar Dietrich and Herbert Reichl},
}

@misc{pixel_vertex_detector,
      title={Pixel Vertex Detectors}, 
      author={Norbert Wermes},
      year={2006},
      eprint={physics/0611075},
      archivePrefix={arXiv},
      primaryClass={physics.ins-det},
      url={https://arxiv.org/abs/physics/0611075}, 
}


@article{timepix4,
doi = {10.1088/1748-0221/17/01/C01044},
url = {https://dx.doi.org/10.1088/1748-0221/17/01/C01044},
year = {2022},
month = {jan},
publisher = {IOP Publishing},
volume = {17},
number = {01},
pages = {C01044},
author = {Llopart, X. and Alozy, J. and Ballabriga, R. and Campbell, M. and Casanova, R. and Gromov, V. and Heijne, E.H.M. and Poikela, T. and Santin, E. and Sriskaran, V. and Tlustos, L. and Vitkovskiy, A.},
title = {Timepix4, a large area pixel detector readout chip which can be tiled on 4 sides providing sub-200 ps timestamp binning},
journal = {Journal of Instrumentation},
}

@article{picoPix,
title = {The LHCb VELO Upgrade II: Design and development of the readout electronics},
journal = {Nuclear Instruments and Methods in Physics Research Section A: Accelerators, Spectrometers, Detectors and Associated Equipment},
volume = {1063},
pages = {169238},
year = {2024},
issn = {0168-9002},
doi = {https://doi.org/10.1016/j.nima.2024.169238},
url = {https://www.sciencedirect.com/science/article/pii/S0168900224001645},
author = {Oscar Augusto {de Aguiar Francisco}},
keywords = {LHCb, VELO upgrade II, HL-LHC, Silicon detector},
}

@article{pixel_wheredowestand,
title = {Pixel detectors ... where do we stand?},
journal = {Nuclear Instruments and Methods in Physics Research Section A: Accelerators, Spectrometers, Detectors and Associated Equipment},
volume = {924},
pages = {44-50},
year = {2019},
note = {11th International Hiroshima Symposium on Development and Application of Semiconductor Tracking Detectors},
issn = {0168-9002},
doi = {https://doi.org/10.1016/j.nima.2018.07.003},
url = {https://www.sciencedirect.com/science/article/pii/S016890021830826X},
author = {N. Wermes},
keywords = {Tracking detectors, Pixel detectors, Semiconductor detectors},
}

@article{hybrid_to_CMOS,
doi = {10.1088/1748-0221/10/12/C12023},
url = {https://dx.doi.org/10.1088/1748-0221/10/12/C12023},
year = {2015},
month = {dec},
publisher = {},
volume = {10},
number = {12},
pages = {C12023},
author = {Wermes, N.},
title = {From hybrid to CMOS pixels ... a possibility for LHC's pixel future?},
journal = {Journal of Instrumentation},
}

@article{alpide,
title = {ALPIDE, the Monolithic Active Pixel Sensor for the ALICE ITS upgrade},
journal = {Nuclear Instruments and Methods in Physics Research Section A: Accelerators, Spectrometers, Detectors and Associated Equipment},
volume = {824},
pages = {434-438},
year = {2016},
note = {Frontier Detectors for Frontier Physics: Proceedings of the 13th Pisa Meeting on Advanced Detectors},
issn = {0168-9002},
doi = {https://doi.org/10.1016/j.nima.2015.09.057},
url = {https://www.sciencedirect.com/science/article/pii/S0168900215011122},
author = {M. Mager},
keywords = {Tracking detectors, MAPS, ALICE},
}


@article{peric,
title = {A novel monolithic pixelated particle detector implemented in high-voltage CMOS technology},
journal = {Nuclear Instruments and Methods in Physics Research Section A: Accelerators, Spectrometers, Detectors and Associated Equipment},
volume = {582},
number = {3},
pages = {876-885},
year = {2007},
note = {VERTEX 2006},
issn = {0168-9002},
doi = {https://doi.org/10.1016/j.nima.2007.07.115},
url = {https://www.sciencedirect.com/science/article/pii/S0168900207015914},
author = {Ivan Perić},
keywords = {Monolithic pixel detector, Monolithic active pixel sensor, MAPS, High-voltage CMOS technology, Deep N-well, Triple well},
}

@article{thanu_small_electrode,
  author = "Kugathasan, Thanushan",
  title = "{Review on depleted CMOS}",
  doi = "10.22323/1.348.0042",
  journal = "PoS",
  year = 2019,
  volume = "VERTEX2018",
  pages = "042"
}


@article{SiGEHBT_band_Structure,
	doi = {10.1088/0268-1242/19/10/R02},
	url = {https://dx.doi.org/10.1088/0268-1242/19/10/R02},
	year = {2004},
	month = {sep},
	publisher = {},
	volume = {19},
	number = {10},
	pages = {R75},
	author = {Douglas J Paul},
	title = {Si/SiGe heterostructures: from material and physics to devices and circuits},
	journal = {Semiconductor Science and Technology},
}

@article{atlas_detector,
  author       = {ATLAS Collaboration},
  title        = {The ATLAS Experiment at the CERN Large Hadron Collider},
  journal      = {JINST},
  volume       = {3},
  pages        = {S08003},
  year         = {2008},
  doi          = {10.1088/1748-0221/3/08/S08003}
}

@article{cms_detector,
  author       = {CMS Collaboration},
  title        = {The CMS experiment at the CERN LHC},
  journal      = {JINST},
  volume       = {3},
  pages        = {S08004},
  year         = {2008},
  doi          = {10.1088/1748-0221/3/08/S08004}
}


@article{FASER_LLP,
  	title={FASER’s physics reach for long-lived particles},
   volume={99},
   ISSN={2470-0029},
   url={http://dx.doi.org/10.1103/PhysRevD.99.095011},
   DOI={10.1103/physrevd.99.095011},
   number={9},
   journal={Physical Review D},
   publisher={American Physical Society (APS)},
   author={Ariga, Akitaka and Ariga, Tomoko and Boyd, Jamie and Cadoux, Franck and Casper, David W. and Favre, Yannick and Feng, Jonathan L. and Ferrere, Didier and Galon, Iftah and Gonzalez-Sevilla, Sergio and Hsu, Shih-Chieh and Iacobucci, Giuseppe and Kajomovitz, Enrique and Kling, Felix and Kuehn, Susanne and Levinson, Lorne and Otono, Hidetoshi and Petersen, Brian and Sato, Osamu and Schott, Matthias and Sfyrla, Anna and Smolinsky, Jordan and Soffa, Aaron M. and Takubo, Yosuke and Torrence, Eric and Trojanowski, Sebastian and Zhang, Gang},
   year={2019},
   month=may }


@article{inelastic_XS_ATLAS,
  title = {Measurement of the Inelastic Proton-Proton Cross Section at $\sqrt{s}=13\text{ }\text{ }\mathrm{TeV}$ with the ATLAS Detector at the LHC},
  author = {Aaboud, M. et al.},
  collaboration = {ATLAS Collaboration},
  journal = {Phys. Rev. Lett.},
  volume = {117},
  issue = {18},
  pages = {182002},
  numpages = {19},
  year = {2016},
  month = {Oct},
  publisher = {American Physical Society},
  doi = {10.1103/PhysRevLett.117.182002},
  url = {https://link.aps.org/doi/10.1103/PhysRevLett.117.182002}
}

@article{Drell_Yann,
  title = {Inelastic dark matter at the LHC lifetime frontier: ATLAS, CMS, LHCb, CODEX-b, FASER, and MATHUSLA},
  author = {Berlin, Asher and Kling, Felix},
  journal = {Phys. Rev. D},
  volume = {99},
  issue = {1},
  pages = {015021},
  numpages = {21},
  year = {2019},
  month = {Jan},
  publisher = {American Physical Society},
  doi = {10.1103/PhysRevD.99.015021},
  url = {https://link.aps.org/doi/10.1103/PhysRevD.99.015021}
}

@article{Primakoff_process,
  title = {Axionlike particles at FASER: The LHC as a photon beam dump},
  author = {Feng, Jonathan L. and Galon, Iftah and Kling, Felix and Trojanowski, Sebastian},
  journal = {Phys. Rev. D},
  volume = {98},
  issue = {5},
  pages = {055021},
  numpages = {15},
  year = {2018},
  month = {Sep},
  publisher = {American Physical Society},
  doi = {10.1103/PhysRevD.98.055021},
  url = {https://link.aps.org/doi/10.1103/PhysRevD.98.055021}
}

@article{dark_photon_Feng,
   title={ForwArd Search ExpeRiment at the LHC},
   volume={97},
   ISSN={2470-0029},
   url={http://dx.doi.org/10.1103/PhysRevD.97.035001},
   DOI={10.1103/physrevd.97.035001},
   number={3},
   journal={Physical Review D},
   publisher={American Physical Society (APS)},
   author={Feng, Jonathan L. and Galon, Iftah and Kling, Felix and Trojanowski, Sebastian},
   year={2018},
   month=feb }
   

@article{ALP_phenomenology,
   title={Collider probes of axion-like particles},
   volume={2017},
   ISSN={1029-8479},
   url={http://dx.doi.org/10.1007/JHEP12(2017)044},
   DOI={10.1007/jhep12(2017)044},
   number={12},
   journal={Journal of High Energy Physics},
   publisher={Springer Science and Business Media LLC},
   author={Bauer, Martin and Neubert, Matthias and Thamm, Andrea},
   year={2017},
   month=dec }

@article{ALPTraum,
   title={ALPtraum: ALP production in proton beam dump experiments},
   volume={2016},
   ISSN={1029-8479},
   url={http://dx.doi.org/10.1007/JHEP02(2016)018},
   DOI={10.1007/jhep02(2016)018},
   number={2},
   journal={Journal of High Energy Physics},
   publisher={Springer Science and Business Media LLC},
   author={Döbrich, Babette and Jaeckel, Joerg and Kahlhoefer, Felix and Ringwald, Andreas and Schmidt-Hoberg, Kai},
   year={2016},
   month=feb }

@article{FASER_Detector,
doi = {10.1088/1748-0221/19/05/P05066},
url = {https://dx.doi.org/10.1088/1748-0221/19/05/P05066},
year = {2024},
month = {may},
publisher = {IOP Publishing},
volume = {19},
number = {05},
pages = {P05066},
author = {Abreu, Henso and Mansour, Elham Amin and Antel, Claire and Ariga, Akitaka and Ariga, Tomoko and Bernlochner, Florian and Boeckh, Tobias and Boyd, Jamie and Brenner, Lydia and Cadoux, Franck and Casper, David W. and Cavanagh, Charlotte and Chen, Xin and Coccaro, Andrea and Crespo-Lopez, Olivier and Débieux, Stéphane and Dmitrievsky, Sergey and D'Onofrio, Monica and Dougherty, Liam and Dozen, Candan and Ezzat, Abdallah and Favre, Yannick and Fellers, Deion and Feng, Jonathan L. and Ferrere, Didier and Galantay, Edward Karl and Gall, Jonathan and Gamberini, Enrico and Gibson, Stephen and Gonzalez-Sevilla, Sergio and Gornushkin, Yuri and Gwilliam, Carl and Hayakawa, Daiki and Hsu, Shih-Chieh and Hu, Zhen and Iacobucci, Giuseppe and Inada, Tomohiro and Jakobsen, Sune and Johnson, Eliott and Kajomovitz, Enrique and Kawahara, Hiroaki and Kling, Felix and Kose, Umut and Kotitsa, Rafaella and Krusse, Jesse and Kuehn, Susanne and Lefebvre, Helena and Levinson, Lorne and Li, Ke and Liu, Jinfeng and Magliocca, Chiara and Martinelli, Fulvio and McFayden, Josh and Meehan, Sam and Milanesio, Matteo and Miura, Manato and Mladenov, Dimitar and Moretti, Théo and Munker, Magdalena and Nakamura, Mitsuhiro and Nakano, Toshiyuki and Nessi, Marzio and Neuhaus, Friedemann and Nevay, Laurie and Osborne, John and Otono, Hidetoshi and Pandini, Carlo and Pang, Hao and Paolozzi, Lorenzo and Petersen, Brian and Pietropaolo, Francesco and Prim, Markus and Queitsch-Maitland, Michaela and Resnati, Filippo and Rizzi, Chiara and Rokujo, Hiroki and Ruiz-Choliz, Elisa and Salfeld-Nebgen, Jakob and Sanchez Galan, Francisco and Sato, Osamu and Scampoli, Paola and Schmieden, Kristof and Schott, Matthias and Sfyrla, Anna and Shively, Savannah and Sipos, Roland and Spencer, John and Takubo, Yosuke and Tarannum, Noshin and Theiner, Ondrej and Thonet, Pierre and Torrence, Eric and Tufanli, Serhan and Vasina, Svetlana and Vendeuvre, Camille and Vormwald, Benedikt and Wang, Di and Zambito, Stefano and Zhang, Gang and FASER Collaboration},
title = {The FASER detector},
journal = {Journal of Instrumentation},
}


@article{neutrino_pop,
  title = {First neutrino interaction candidates at the LHC},
  author = {Abreu, Henso and Afik, Yoav and Antel, Claire and Arakawa, Jason and Ariga, Akitaka and Ariga, Tomoko and Bernlochner, Florian and Boeckh, Tobias and Boyd, Jamie and Brenner, Lydia and Cadoux, Franck and Casper, David W. and Cavanagh, Charlotte and Cerutti, Francesco and Chen, Xin and Coccaro, Andrea and D'Onofrio, Monica and Dozen, Candan and Favre, Yannick and Fellers, Deion and Feng, Jonathan L. and Ferrere, Didier and Gibson, Stephen and Gonzalez-Sevilla, Sergio and Gwilliam, Carl and Hsu, Shih-Chieh and Hu, Zhen and Iacobucci, Giuseppe and Inada, Tomohiro and Ismail, Ahmed and Jakobsen, Sune and Kajomovitz, Enrique and Kling, Felix and Kose, Umut and Kuehn, Susanne and Lefebvre, Helena and Levinson, Lorne and Li, Ke and Liu, Jinfeng and Magliocca, Chiara and McFayden, Josh and Meehan, Sam and Mladenov, Dimitar and Nakamura, Mitsuhiro and Nakano, Toshiyuki and Nessi, Marzio and Neuhaus, Friedemann and Nevay, Laurie and Otono, Hidetoshi and Pandini, Carlo and Pang, Hao and Paolozzi, Lorenzo and Petersen, Brian and Pietropaolo, Francesco and Prim, Markus and Queitsch-Maitland, Michaela and Resnati, Filippo and Rokujo, Hiroki and Sabat\'e-Gilarte, Marta and Salfeld-Nebgen, Jakob and Sato, Osamu and Scampoli, Paola and Schmieden, Kristof and Schott, Matthias and Sfyrla, Anna and Shively, Savannah and Spencer, John and Takubo, Yosuke and Theiner, Ondrej and Torrence, Eric and Trojanowski, Sebastian and Tufanli, Serhan and Vormwald, Benedikt and Wang, Di and Zhang, Gang},
  collaboration = {FASER Collaboration},
  journal = {Phys. Rev. D},
  volume = {104},
  issue = {9},
  pages = {L091101},
  numpages = {7},
  year = {2021},
  month = {Nov},
  publisher = {American Physical Society},
  doi = {10.1103/PhysRevD.104.L091101},
  url = {https://link.aps.org/doi/10.1103/PhysRevD.104.L091101}
}

@article{neutrino_FASER,
   title={Detecting and studying high-energy collider neutrinos with FASER at the LHC: FASER Collaboration},
   volume={80},
   ISSN={1434-6052},
   url={http://dx.doi.org/10.1140/epjc/s10052-020-7631-5},
   DOI={10.1140/epjc/s10052-020-7631-5},
   number={1},
   journal={The European Physical Journal C},
   publisher={Springer Science and Business Media LLC},
   author={Abreu, Henso and Antel, Claire and Ariga, Akitaka and Ariga, Tomoko and Boyd, Jamie and Cadoux, Franck and Casper, David W. and Chen, Xin and Coccaro, Andrea and Dozen, Candan and Denton, Peter B. and Favre, Yannick and Feng, Jonathan L. and Ferrere, Didier and Galon, Iftah and Gibson, Stephen and Gonzalez-Sevilla, Sergio and Hsu, Shih-Chieh and Hu, Zhen and Iacobucci, Giuseppe and Jakobsen, Sune and Jansky, Roland and Kajomovitz, Enrique and Kling, Felix and Kuehn, Susanne and Levinson, Lorne and Li, Congqiao and McFayden, Josh and Meehan, Sam and Neuhaus, Friedemann and Otono, Hidetoshi and Petersen, Brian and Pikhartova, Helena and Queitsch-Maitland, Michaela and Sato, Osamu and Schmieden, Kristof and Schott, Matthias and Sfyrla, Anna and Shively, Savannah and Smolinsky, Jordan and Soffa, Aaron M. and Takubo, Yosuke and Torrence, Eric and Trojanowski, Sebastian and Wilkinson, Callum and Zhang, Dengfeng and Zhang, Gang},
   year={2020},
   month=jan
}
   
@techreport{FASER_techprop,
   title        = {FASER: Technical Proposal for a Forward Search Experiment at the LHC},
   author       = {Ariga, A. and others},
   institution  = {CERN},
   number       = {CERN-LHCC-2018-036},
   year         = {2018},
   eprint       = {1812.09139},
   archivePrefix= {arXiv},
   primaryClass = {hep-ex}
}

@techreport{FASER_loi,
   title        = {Letter of Intent: ForwArd Search ExpeRiment (FASER)},
   author       = {Ariga, A. and others},
   institution  = {CERN},
   number       = {CERN-LHCC-2018-030},
   year         = {2018},
   eprint       = {1811.10243},
   archivePrefix= {arXiv},
   primaryClass = {hep-ex}
}

@article{SCT_ATLAS,
title = {The barrel modules of the ATLAS semiconductor tracker},
journal = {Nuclear Instruments and Methods in Physics Research Section A: Accelerators, Spectrometers, Detectors and Associated Equipment},
volume = {568},
number = {2},
pages = {642-671},
year = {2006},
issn = {0168-9002},
doi = {https://doi.org/10.1016/j.nima.2006.08.036},
url = {https://www.sciencedirect.com/science/article/pii/S016890020601388X},
author = {A. Abdesselam et al.},
keywords = {ATLAS, SCT, Silicon, Microstrip, Barrel, Module, LHC},
}


@article{QCD_axion_PecceiQuinn,
  title = {$\mathrm{CP}$ Conservation in the Presence of Pseudoparticles},
  author = {Peccei, R. D. and Quinn, Helen R.},
  journal = {Phys. Rev. Lett.},
  volume = {38},
  issue = {25},
  pages = {1440--1443},
  numpages = {0},
  year = {1977},
  month = {Jun},
  publisher = {American Physical Society},
  doi = {10.1103/PhysRevLett.38.1440},
  url = {https://link.aps.org/doi/10.1103/PhysRevLett.38.1440}
}

@mastersthesis{Moretti_MasterThesis,
  author       = {Théo Moretti},
  title        = {Looking for Axion-Like-Particle di-photon decay in the FASER experiment using SiGe BiCMOS pixel detectors.},
  school       = {University of Geneva},
  year         = {2021},
  type         = {Master's thesis},
  url          = {https://dpnc.unige.ch/MASTERS/MASTER_MORETTI.pdf}
}


@article{ALPs_general,
  title = {Searching for Axionlike Particles in Flavor-Changing Neutral Current Processes},
  author = {Izaguirre, Eder and Lin, Tongyan and Shuve, Brian},
  journal = {Phys. Rev. Lett.},
  volume = {118},
  issue = {11},
  pages = {111802},
  numpages = {6},
  year = {2017},
  month = {Mar},
  publisher = {American Physical Society},
  doi = {10.1103/PhysRevLett.118.111802},
  url = {https://link.aps.org/doi/10.1103/PhysRevLett.118.111802}
}

@article{GIM_mechanism,
  title = {Weak Interactions with Lepton-Hadron Symmetry},
  author = {Glashow, S. L. and Iliopoulos, J. and Maiani, L.},
  journal = {Phys. Rev. D},
  volume = {2},
  issue = {7},
  pages = {1285--1292},
  numpages = {0},
  year = {1970},
  month = {Oct},
  publisher = {American Physical Society},
  doi = {10.1103/PhysRevD.2.1285},
  url = {https://link.aps.org/doi/10.1103/PhysRevD.2.1285}
}

@article{CKM,
  title = {Review of Particle Physics},
  author = {Tanabashi, M. and Hagiwara, K. and Hikasa, K. and Nakamura, K. and Sumino, Y. and Takahashi, F. and Tanaka, J. and Agashe, K. and Aielli, G. and Amsler, C. and Antonelli, M. and Asner, D. M. and Baer, H. and Banerjee, Sw. and Barnett, R. M. and Basaglia, T. and Bauer, C. W. and Beatty, J. J. and Belousov, V. I. and Beringer, J. and Bethke, S. and Bettini, A. and Bichsel, H. and Biebel, O. and Black, K. M. and Blucher, E. and Buchmuller, O. and Burkert, V. and Bychkov, M. A. and Cahn, R. N. and Carena, M. and Ceccucci, A. and Cerri, A. and Chakraborty, D. and Chen, M.-C. and Chivukula, R. S. and Cowan, G. and Dahl, O. and D'Ambrosio, G. and Damour, T. and de Florian, D. and de Gouv\^ea, A. and DeGrand, T. and de Jong, P. and Dissertori, G. and Dobrescu, B. A. and D'Onofrio, M. and Doser, M. and Drees, M. and Dreiner, H. K. and Dwyer, D. A. and Eerola, P. and Eidelman, S. and Ellis, J. and Erler, J. and Ezhela, V. V. and Fetscher, W. and Fields, B. D. and Firestone, R. and Foster, B. and Freitas, A. and Gallagher, H. and Garren, L. and Gerber, H.-J. and Gerbier, G. and Gershon, T. and Gershtein, Y. and Gherghetta, T. and Godizov, A. A. and Goodman, M. and Grab, C. and Gritsan, A. V. and Grojean, C. and Groom, D. E. and Gr\"unewald, M. and Gurtu, A. and Gutsche, T. and Haber, H. E. and Hanhart, C. and Hashimoto, S. and Hayato, Y. and Hayes, K. G. and Hebecker, A. and Heinemeyer, S. and Heltsley, B. and Hern\'andez-Rey, J. J. and Hisano, J. and H\"ocker, A. and Holder, J. and Holtkamp, A. and Hyodo, T. and Irwin, K. D. and Johnson, K. F. and Kado, M. and Karliner, M. and Katz, U. F. and Klein, S. R. and Klempt, E. and Kowalewski, R. V. and Krauss, F. and Kreps, M. and Krusche, B. and Kuyanov, Yu. V. and Kwon, Y. and Lahav, O. and Laiho, J. and Lesgourgues, J. and Liddle, A. and Ligeti, Z. and Lin, C.-J. and Lippmann, C. and Liss, T. M. and Littenberg, L. and Lugovsky, K. S. and Lugovsky, S. B. and Lusiani, A. and Makida, Y. and Maltoni, F. and Mannel, T. and Manohar, A. V. and Marciano, W. J. and Martin, A. D. and Masoni, A. and Matthews, J. and Mei\ss{}ner, U.-G. and Milstead, D. and Mitchell, R. E. and M\"onig, K. and Molaro, P. and Moortgat, F. and Moskovic, M. and Murayama, H. and Narain, M. and Nason, P. and Navas, S. and Neubert, M. and Nevski, P. and Nir, Y. and Olive, K. A. and Pagan Griso, S. and Parsons, J. and Patrignani, C. and Peacock, J. A. and Pennington, M. and Petcov, S. T. and Petrov, V. A. and Pianori, E. and Piepke, A. and Pomarol, A. and Quadt, A. and Rademacker, J. and Raffelt, G. and Ratcliff, B. N. and Richardson, P. and Ringwald, A. and Roesler, S. and Rolli, S. and Romaniouk, A. and Rosenberg, L. J. and Rosner, J. L. and Rybka, G. and Ryutin, R. A. and Sachrajda, C. T. and Sakai, Y. and Salam, G. P. and Sarkar, S. and Sauli, F. and Schneider, O. and Scholberg, K. and Schwartz, A. J. and Scott, D. and Sharma, V. and Sharpe, S. R. and Shutt, T. and Silari, M. and Sj\"ostrand, T. and Skands, P. and Skwarnicki, T. and Smith, J. G. and Smoot, G. F. and Spanier, S. and Spieler, H. and Spiering, C. and Stahl, A. and Stone, S. L. and Sumiyoshi, T. and Syphers, M. J. and Terashi, K. and Terning, J. and Thoma, U. and Thorne, R. S. and Tiator, L. and Titov, M. and Tkachenko, N. P. and T\"ornqvist, N. A. and Tovey, D. R. and Valencia, G. and Van de Water, R. and Varelas, N. and Venanzoni, G. and Verde, L. and Vincter, M. G. and Vogel, P. and Vogt, A. and Wakely, S. P. and Walkowiak, W. and Walter, C. W. and Wands, D. and Ward, D. R. and Wascko, M. O. and Weiglein, G. and Weinberg, D. H. and Weinberg, E. J. and White, M. and Wiencke, L. R. and Willocq, S. and Wohl, C. G. and Womersley, J. and Woody, C. L. and Workman, R. L. and Yao, W.-M. and Zeller, G. P. and Zenin, O. V. and Zhu, R.-Y. and Zhu, S.-L. and Zimmermann, F. and Zyla, P. A. and Anderson, J. and Fuller, L. and Lugovsky, V. S. and Schaffner, P.},
  collaboration = {Particle Data Group},
  journal = {Phys. Rev. D},
  volume = {98},
  issue = {3},
  pages = {030001},
  numpages = {1898},
  year = {2018},
  month = {Aug},
  publisher = {American Physical Society},
  doi = {10.1103/PhysRevD.98.030001},
  url = {https://link.aps.org/doi/10.1103/PhysRevD.98.030001}
}

@article{Weinberg,
  title = {Review of Particle Physics},
  author = {Tanabashi, M. and Hagiwara, K. and Hikasa, K. and Nakamura, K. and Sumino, Y. and Takahashi, F. and Tanaka, J. and Agashe, K. and Aielli, G. and Amsler, C. and Antonelli, M. and Asner, D. M. and Baer, H. and Banerjee, Sw. and Barnett, R. M. and Basaglia, T. and Bauer, C. W. and Beatty, J. J. and Belousov, V. I. and Beringer, J. and Bethke, S. and Bettini, A. and Bichsel, H. and Biebel, O. and Black, K. M. and Blucher, E. and Buchmuller, O. and Burkert, V. and Bychkov, M. A. and Cahn, R. N. and Carena, M. and Ceccucci, A. and Cerri, A. and Chakraborty, D. and Chen, M.-C. and Chivukula, R. S. and Cowan, G. and Dahl, O. and D'Ambrosio, G. and Damour, T. and de Florian, D. and de Gouv\^ea, A. and DeGrand, T. and de Jong, P. and Dissertori, G. and Dobrescu, B. A. and D'Onofrio, M. and Doser, M. and Drees, M. and Dreiner, H. K. and Dwyer, D. A. and Eerola, P. and Eidelman, S. and Ellis, J. and Erler, J. and Ezhela, V. V. and Fetscher, W. and Fields, B. D. and Firestone, R. and Foster, B. and Freitas, A. and Gallagher, H. and Garren, L. and Gerber, H.-J. and Gerbier, G. and Gershon, T. and Gershtein, Y. and Gherghetta, T. and Godizov, A. A. and Goodman, M. and Grab, C. and Gritsan, A. V. and Grojean, C. and Groom, D. E. and Gr\"unewald, M. and Gurtu, A. and Gutsche, T. and Haber, H. E. and Hanhart, C. and Hashimoto, S. and Hayato, Y. and Hayes, K. G. and Hebecker, A. and Heinemeyer, S. and Heltsley, B. and Hern\'andez-Rey, J. J. and Hisano, J. and H\"ocker, A. and Holder, J. and Holtkamp, A. and Hyodo, T. and Irwin, K. D. and Johnson, K. F. and Kado, M. and Karliner, M. and Katz, U. F. and Klein, S. R. and Klempt, E. and Kowalewski, R. V. and Krauss, F. and Kreps, M. and Krusche, B. and Kuyanov, Yu. V. and Kwon, Y. and Lahav, O. and Laiho, J. and Lesgourgues, J. and Liddle, A. and Ligeti, Z. and Lin, C.-J. and Lippmann, C. and Liss, T. M. and Littenberg, L. and Lugovsky, K. S. and Lugovsky, S. B. and Lusiani, A. and Makida, Y. and Maltoni, F. and Mannel, T. and Manohar, A. V. and Marciano, W. J. and Martin, A. D. and Masoni, A. and Matthews, J. and Mei\ss{}ner, U.-G. and Milstead, D. and Mitchell, R. E. and M\"onig, K. and Molaro, P. and Moortgat, F. and Moskovic, M. and Murayama, H. and Narain, M. and Nason, P. and Navas, S. and Neubert, M. and Nevski, P. and Nir, Y. and Olive, K. A. and Pagan Griso, S. and Parsons, J. and Patrignani, C. and Peacock, J. A. and Pennington, M. and Petcov, S. T. and Petrov, V. A. and Pianori, E. and Piepke, A. and Pomarol, A. and Quadt, A. and Rademacker, J. and Raffelt, G. and Ratcliff, B. N. and Richardson, P. and Ringwald, A. and Roesler, S. and Rolli, S. and Romaniouk, A. and Rosenberg, L. J. and Rosner, J. L. and Rybka, G. and Ryutin, R. A. and Sachrajda, C. T. and Sakai, Y. and Salam, G. P. and Sarkar, S. and Sauli, F. and Schneider, O. and Scholberg, K. and Schwartz, A. J. and Scott, D. and Sharma, V. and Sharpe, S. R. and Shutt, T. and Silari, M. and Sj\"ostrand, T. and Skands, P. and Skwarnicki, T. and Smith, J. G. and Smoot, G. F. and Spanier, S. and Spieler, H. and Spiering, C. and Stahl, A. and Stone, S. L. and Sumiyoshi, T. and Syphers, M. J. and Terashi, K. and Terning, J. and Thoma, U. and Thorne, R. S. and Tiator, L. and Titov, M. and Tkachenko, N. P. and T\"ornqvist, N. A. and Tovey, D. R. and Valencia, G. and Van de Water, R. and Varelas, N. and Venanzoni, G. and Verde, L. and Vincter, M. G. and Vogel, P. and Vogt, A. and Wakely, S. P. and Walkowiak, W. and Walter, C. W. and Wands, D. and Ward, D. R. and Wascko, M. O. and Weiglein, G. and Weinberg, D. H. and Weinberg, E. J. and White, M. and Wiencke, L. R. and Willocq, S. and Wohl, C. G. and Womersley, J. and Woody, C. L. and Workman, R. L. and Yao, W.-M. and Zeller, G. P. and Zenin, O. V. and Zhu, R.-Y. and Zhu, S.-L. and Zimmermann, F. and Zyla, P. A. and Anderson, J. and Fuller, L. and Lugovsky, V. S. and Schaffner, P.},
  collaboration = {Particle Data Group},
  journal = {Phys. Rev. D},
  volume = {98},
  issue = {3},
  pages = {030001},
  numpages = {1898},
  year = {2018},
  month = {Aug},
  publisher = {American Physical Society},
  doi = {10.1103/PhysRevD.98.030001},
  url = {https://link.aps.org/doi/10.1103/PhysRevD.98.030001}
}



%%%%%%%%%%%%%%%%%%%%%%%%%%%
%%%%%%%% CHAPTER 4 %%%%%%%%
%%%%%%%%%%%%%%%%%%%%%%%%%%%

@INPROCEEDINGS{IHP130nm,
  author={Rücker, H. and Heinemann, B. and Fox, A.},
  booktitle={2012 IEEE 12th Topical Meeting on Silicon Monolithic Integrated Circuits in RF Systems}, 
  title={Half-Terahertz SiGe BiCMOS technology}, 
  year={2012},
  volume={},
  number={},
  pages={133-136},
  keywords={Heterojunction bipolar transistors;Logic gates;BiCMOS integrated circuits;Silicon germanium;Delay;Resistance;Ring oscillators;Heterojunction bipolar transistors;millimeter wave devices;silicon alloys;silicon bipolar/BiCMOS technology},
  doi={10.1109/SiRF.2012.6160164}
}

@article{ATTRACT_proto1_50ps,
doi = {10.1088/1748-0221/14/11/P11008},
url = {https://dx.doi.org/10.1088/1748-0221/14/11/P11008},
year = {2019},
month = {nov},
publisher = {},
volume = {14},
number = {11},
pages = {P11008},
author = {Iacobucci, G. and Cardarelli, R. and Débieux, S. and Bello, F.A. Di and Favre, Y. and Hayakawa, D. and Kaynak, M. and Nessi, M. and Paolozzi, L. and Rücker, H. and Sultan, D.M.S. and Valerio, P.},
title = {A 50 ps resolution monolithic active pixel sensor without internal gain in SiGe BiCMOS technology},
journal = {Journal of Instrumentation},
abstract = {A monolithic pixelated silicon detector designed for high time resolution  has been produced  in the SG13G2 130 nm SiGe BiCMOS technology of IHP. This proof-of-concept chip contains hexagonal pixels of 65 μm and 130 μm side. The SiGe front-end electronics implemented provides an equivalent noise charge of 90 and 160 e− for a pixel capacitance of 70 and 220 fF, respectively, and a total time walk of less than 1 ns. Lab measurements with a 90Sr source show a time resolution of the order of 50 ps. This result  is competitive with silicon technologies that integrate an avalanche gain mechanism.}
}

@article{ATTRACT_proto1,
doi = {10.1088/1748-0221/15/11/P11025},
url = {https://dx.doi.org/10.1088/1748-0221/15/11/P11025},
year = {2020},
month = {nov},
publisher = {},
volume = {15},
number = {11},
pages = {P11025},
author = {Paolozzi, L. and Cardarelli, R. and Débieux, S. and Favre, Y. and Ferrère, D. and Gonzalez-Sevilla, S. and Iacobucci, G. and Kaynak, M. and Martinelli, F. and Nessi, M. and Rücker, H. and Sanna, I. and Sultan, D.M.S. and Valerio, P. and Zaffaroni, E.},
title = {Time resolution and power consumption of a monolithic silicon pixel prototype in SiGe BiCMOS technology},
journal = {Journal of Instrumentation},
abstract = {SiGe BiCMOS technology can be used to produce ultra-fast, low-power silicon pixel sensors that provide state-of-the-art time resolution even without  internal gain. The development of such sensors requires the identification and control of  the main factors that may degrade the timing performance as well as the characterisation of the dependance of the sensor time resolution on the amplifier power consumption. Measurements with a 90Sr source of a prototype sensor produced in SG13G2 technology from IHP Microelectronics shows a time resolution of 140 ps at an amplifier current of 7 μA and  45 ps  at a power consumption of 150 μA. The resolution on the measurement of the signal time-over-threshold, which is used to correct for time walk, is the main factor affecting the timing performance of this prototype.}
}

@article{ATTRACT_proto1_testbeam,
doi = {10.1088/1748-0221/17/02/P02019},
url = {https://dx.doi.org/10.1088/1748-0221/17/02/P02019},
year = {2022},
month = {feb},
publisher = {IOP Publishing},
volume = {17},
number = {02},
pages = {P02019},
author = {Iacobucci, G. and Paolozzi, L. and Valerio, P. and Moretti, T. and Cadoux, F. and Cardarelli, R. and Cardella, R. and Débieux, S. and Favre, Y. and Ferrere, D. and Gonzalez-Sevilla, S. and Gurimskaya, Y. and Kotitsa, R. and Magliocca, C. and Martinelli, F. and Milanesio, M. and Münker, M. and Nessi, M. and Picardi, A. and Saidi, J. and Rücker, H. and Vicente Barreto Pinto, M. and Zambito, S.},
title = {Efficiency and time resolution of monolithic silicon pixel detectors in SiGe BiCMOS technology},
journal = {Journal of Instrumentation},
}

@article{MONOLITH_proto2_20ps,
doi = {10.1088/1748-0221/18/03/P03047},
url = {https://dx.doi.org/10.1088/1748-0221/18/03/P03047},
year = {2023},
month = {mar},
publisher = {IOP Publishing},
volume = {18},
number = {03},
pages = {P03047},
author = {Zambito, S. and Milanesio, M. and Moretti, T. and Paolozzi, L. and Munker, M. and Cardella, R. and Kugathasan, T. and Martinelli, F. and Picardi, A. and Elviretti, M. and Rücker, H. and Trusch, A. and Cadoux, F. and Cardarelli, R. and Débieux, S. and Favre, Y. and Fenoglio, C.A. and Ferrere, D. and Gonzalez-Sevilla, S. and Iodice, L. and Kotitsa, R. and Magliocca, C. and Nessi, M. and Pizarro-Medina, A. and Sabater Iglesias, J. and Saidi, J. and Vicente Barreto Pinto, M. and Iacobucci, G.},
title = {20 ps time resolution with a fully-efficient monolithic silicon pixel detector without internal gain layer},
journal = {Journal of Instrumentation},
}

@article{MONOLITH_RadHard_lab,
doi = {10.1088/1748-0221/19/01/P01014},
url = {https://dx.doi.org/10.1088/1748-0221/19/01/P01014},
year = {2024},
month = {jan},
publisher = {IOP Publishing},
volume = {19},
number = {01},
pages = {P01014},
author = {Milanesio, M. and Paolozzi, L. and Moretti, T. and Cardella, R. and Kugathasan, T. and Martinelli, F. and Picardi, A. and Semendyaev, I. and Zambito, S. and Nakamura, K. and Takubo, Y. and Togawa, M. and Elviretti, M. and Rücker, H. and Cadoux, F. and Cardarelli, R. and Débieux, S. and Favre, Y. and Fenoglio, C.A. and Ferrere, D. and Gonzalez-Sevilla, S. and Iodice, L. and Kotitsa, R. and Magliocca, C. and Nessi, M. and Pizarro-Medina, A. and Sabater Iglesias, J. and Saidi, J. and Vicente Barreto Pinto, M. and Iacobucci, G.},
title = {Radiation tolerance of SiGe BiCMOS monolithic silicon pixel detectors without internal gain layer},
journal = {Journal of Instrumentation},
}

@article{MONOLITH_RadHard_testbeam,
doi = {10.1088/1748-0221/19/07/P07036},
url = {https://dx.doi.org/10.1088/1748-0221/19/07/P07036},
year = {2024},
month = {jul},
publisher = {IOP Publishing},
volume = {19},
number = {07},
pages = {P07036},
author = {Moretti, T. and Milanesio, M. and Cardella, R. and Kugathasan, T. and Picardi, A. and Semendyaev, I. and Elviretti, M. and Rücker, H. and Nakamura, K. and Takubo, Y. and Togawa, M. and Cadoux, F. and Cardarelli, R. and Cecconi, L. and Débieux, S. and Favre, Y. and Fenoglio, C.A. and Ferrere, D. and Gonzalez-Sevilla, S. and Iodice, L. and Kotitsa, R. and Magliocca, C. and Nessi, M. and Pizarro-Medina, A. and Sabater Iglesias, J. and Saidi, J. and Vicente Barreto Pinto, M. and Zambito, S. and Paolozzi, L. and Iacobucci, G.},
title = {Testbeam results of irradiated SiGe BiCMOS monolithic silicon pixel detector without internal gain layer},
journal = {Journal of Instrumentation},
}

@article{timeres_SiliconDetectors,
doi = {10.1088/1361-6633/aa94d3},
url = {https://dx.doi.org/10.1088/1361-6633/aa94d3},
year = {2017},
month = {dec},
publisher = {IOP Publishing},
volume = {81},
number = {2},
pages = {026101},
author = {Sadrozinski, Hartmut F-W and Seiden, Abraham and Cartiglia, Nicolò},
title = {4D tracking with ultra-fast silicon detectors},
journal = {Reports on Progress in Physics},
}

@article{PDG,
    author = {Particle Data Group  and Zyla, P A and Barnett, R M and Beringer, J and Dahl, O and Dwyer, D A and Groom, D E and Lin, C -J and Lugovsky, K S and Pianori, E and Robinson, D J and Wohl, C G and Yao, W -M and Agashe, K and Aielli, G and Allanach, B C and Amsler, C and Antonelli, M and Aschenauer, E C and Asner, D M and Baer, H and Banerjee, Sw and Baudis, L and Bauer, C W and Beatty, J J and Belousov, V I and Bethke, S and Bettini, A and Biebel, O and Black, K M and Blucher, E and Buchmuller, O and Burkert, V and Bychkov, M A and Cahn, R N and Carena, M and Ceccucci, A and Cerri, A and Chakraborty, D and Chivukula, R Sekhar and Cowan, G and D'Ambrosio, G and Damour, T and de Florian, D and de Gouvêa, A and DeGrand, T and de Jong, P and Dissertori, G and Dobrescu, B A and D'Onofrio, M and Doser, M and Drees, M and Dreiner, H K and Eerola, P and Egede, U and Eidelman, S and Ellis, J and Erler, J and Ezhela, V V and Fetscher, W and Fields, B D and Foster, B and Freitas, A and Gallagher, H and Garren, L and Gerber, H -J and Gerbier, G and Gershon, T and Gershtein, Y and Gherghetta, T and Godizov, A A and Gonzalez-Garcia, M C and Goodman, M and Grab, C and Gritsan, A V and Grojean, C and Grünewald, M and Gurtu, A and Gutsche, T and Haber, H E and Hanhart, C and Hashimoto, S and Hayato, Y and Hebecker, A and Heinemeyer, S and Heltsley, B and Hernández-Rey, J J and Hikasa, K and Hisano, J and Höcker, A and Holder, J and Holtkamp, A and Huston, J and Hyodo, T and Johnson, K F and Kado, M and Karliner, M and Katz, U F and Kenzie, M and Khoze, V A and Klein, S R and Klempt, E and Kowalewski, R V and Krauss, F and Kreps, M and Krusche, B and Kwon, Y and Lahav, O and Laiho, J and Lellouch, L P and Lesgourgues, J and Liddle, A R and Ligeti, Z and Lippmann, C and Liss, T M and Littenberg, L and Lourengo, C and Lugovsky, S B and Lusiani, A and Makida, Y and Maltoni, F and Mannel, T and Manohar, A V and Marciano, W J and Masoni, A and Matthews, J and Meißner, U -G and Mikhasenko, M and Miller, D J and Milstead, D and Mitchell, R E and Mönig, K and Molaro, P and Moortgat, F and Moskovic, M and Nakamura, K and Narain, M and Nason, P and Navas, S and Neubert, M and Nevski, P and Nir, Y and Olive, K A and Patrignani, C and Peacock, J A and Petcov, S T and Petrov, V A and Pich, A and Piepke, A and Pomarol, A and Profumo, S and Quadt, A and Rabbertz, K and Rademacker, J and Raffelt, G and Ramani, H and Ramsey-Musolf, M and Ratcliff, B N and Richardson, P and Ringwald, A and Roesler, S and Rolli, S and Romaniouk, A and Rosenberg, L J and Rosner, J L and Rybka, G and Ryskin, M and Ryutin, R A and Sakai, Y and Salam, G P and Sarkar, S and Sauli, F and Schneider, O and Scholberg, K and Schwartz, A J and Schwiening, J and Scott, D and Sharma, V and Sharpe, S R and Shutt, T and Silari, M and Sjöstrand, T and Skands, P and Skwarnicki, T and Smoot, G F and Soffer, A and Sozzi, M S and Spanier, S and Spiering, C and Stahl, A and Stone, S L and Sumino, Y and Sumiyoshi, T and Syphers, M J and Takahashi, F and Tanabashi, M and Tanaka, J and Taševský, M and Terashi, K and Terning, J and Thoma, U and Thorne, R S and Tiator, L and Titov, M and Tkachenko, N P and Tovey, D R and Trabelsi, K and Urquijo, P and Valencia, G and Van de Water, R and Varelas, N and Venanzoni, G and Verde, L and Vincter, M G and Vogel, P and Vogelsang, W and Vogt, A and Vorobyev, V and Wakely, S P and Walkowiak, W and Walter, C W and Wands, D and Wascko, M O and Weinberg, D H and Weinberg, E J and White, M and Wiencke, L R and Willocq, S and Woody, C L and Workman, R L and Yokoyama, M and Yoshida, R and Zanderighi, G and Zeller, G P and Zenin, O V and Zhu, R -Y and Zhu, S -L and Zimmermann, F and Anderson, J and Basaglia, T and Lugovsky, V S and Schaffner, P and Zheng, W},
    title = {Review of Particle Physics},
    journal = {Progress of Theoretical and Experimental Physics},
    volume = {2020},
    number = {8},
    pages = {083C01},
    year = {2020},
    month = {08},
    issn = {2050-3911},
    doi = {10.1093/ptep/ptaa104},
    url = {https://doi.org/10.1093/ptep/ptaa104},
    eprint = {https://academic.oup.com/ptep/article-pdf/2020/8/083C01/34673722/ptaa104.pdf},
}

@article{telescope,
	doi = {10.1088/1748-0221/11/07/p07003},
	url = {https://doi.org/10.1088/1748-0221/11/07/p07003},
	year = 2016,
	month = {jul},
	publisher = {{IOP} Publishing},
	volume = {11},
	number = {07},
	pages = {P07003--P07003},
	author = {M. Benoit and J. Bilbao De Mendizabal and F.A. Di Bello and D. Ferrere and T. Golling and S. Gonzalez-Sevilla and G. Iacobucci and M. Kocian and D. Muenstermann and B. Ristic and A. Sciuccati},
	title = {The {FE}-{I4} telescope for particle tracking in testbeam experiments},
	journal = {Journal of Instrumentation},
}

@phdthesis{vicente_thesis,
  author       = {M. Vicente Barreto Pinto}, 
  title        = {New pixel-detector technologies for the {ATLAS ITk} upgrade and the {CLIC} vertex detector},
  school       = {University of Geneva},
  year         = 2019,
  address      = {https://www.unige.ch/dpnc/en/master-phd/phd/},
  note         = {}
}

@article{CYRIC_facility,
	doi = {10.1088/1748-0221/10/06/C06008},
	url = {https://dx.doi.org/10.1088/1748-0221/10/06/C06008},
	year = {2015},
	month = {jun},
	publisher = {},
	volume = {10},
	number = {06},
	pages = {C06008},
	author = {K. Nakamura et al.},
	title = {{Irradiation and testbeam of KEK/HPK planar p-type pixel modules for HL-LHC}}
}

@article{LabRad_Mono2023,
    author= {M. Milanesio et al.},
    title={{Radiation Tolerance of SiGe BiCMOS Monolithic Silicon Pixel Detectors without Internal Gain Layer}}, 
    doi = {10.1088/1748-0221/18/03/P03047},
    url = {https://dx.doi.org/10.1088/1748-0221/18/03/P03047},
    year = {2023},
    month = {oct},
    publisher = {IOP Publishing},
    volume = {18},
    number = {03},
    pages = {P03047},
    journal = {Journal of Instrumentation}
}

@article{Moretti_irradiated,
	doi = {10.1088/1748-0221/19/07/P07036},
	url = {https://dx.doi.org/10.1088/1748-0221/19/07/P07036},
	year = {2024},
	month = {jul},
	publisher = {IOP Publishing},
	volume = {19},
	number = {07},
	pages = {P07036},
	author = {Moretti, T. and Milanesio, M. and Cardella, R. and Kugathasan, T. and Picardi, A. and Semendyaev, I. and Elviretti, M. and Rücker, H. and Nakamura, K. and Takubo, Y. and Togawa, M. and Cadoux, F. and Cardarelli, R. and Cecconi, L. and Débieux, S. and Favre, Y. and Fenoglio, C.A. and Ferrere, D. and Gonzalez-Sevilla, S. and Iodice, L. and Kotitsa, R. and Magliocca, C. and Nessi, M. and Pizarro-Medina, A. and Sabater Iglesias, J. and Saidi, J. and Vicente Barreto Pinto, M. and Zambito, S. and Paolozzi, L. and Iacobucci, G.},
	title = {Testbeam results of irradiated SiGe BiCMOS monolithic silicon pixel detector without internal gain layer},
	journal = {Journal of Instrumentation},
}

@article{RadiationDamageBruzzi,
  author={Bruzzi, M.},
  journal={IEEE Transactions on Nuclear Science}, 
  title={Radiation damage in silicon detectors for high-energy physics experiments}, 
  year={2001},
  volume={48},
  number={4},
  pages={960-971},
  keywords={Radiation detectors;Silicon radiation detectors;Physics;Large Hadron Collider;Face detection;Microstrip;Collision mitigation;Lattices;Neutrons;Implants},
  doi={10.1109/23.958706}
}

@article{DisplacementDamageMoll,
  author={Moll, Michael},
  journal={IEEE Transactions on Nuclear Science}, 
  title={Displacement Damage in Silicon Detectors for High Energy Physics}, 
  year={2018},
  volume={65},
  number={8},
  pages={1561-1582},
  keywords={Radiation detectors;Radiation effects;Large Hadron Collider;Silicon;Leakage currents;Performance evaluation;Simulation;Clusters;defects;displacement damage;nonionizing energy loss (NIEL);particle detectors;radiation effects;semiconductors;silicon;simulation;technology computer-aided design (TCAD)},
  doi={10.1109/TNS.2018.2819506}
}

@article{SiGeRadiationDamage,
  author={Cressler, John D.},
  journal={IEEE Transactions on Nuclear Science}, 
  title={Radiation Effects in SiGe Technology}, 
  year={2013},
  volume={60},
  number={3},
  pages={1992-2014},
  keywords={Silicon germanium;Heterojunction bipolar transistors;CMOS integrated circuits;Silicon;Radiation effects;CMOS technology;BiCMOS integrated circuits;Extreme environment electronics;radiation effects;SiGe heterojunction bipolar transistor (HBT);silicon-Germanium (SiGe);single event effects;space electronics;total ionizing dose},
  doi={10.1109/TNS.2013.2248167}
}

@article{FASER_proto0,
	doi = {10.1088/1748-0221/16/12/P12038},
	url = {https://dx.doi.org/10.1088/1748-0221/16/12/P12038},
	year = {2021},
	month = {dec},
	publisher = {IOP Publishing},
	volume = {16},
	number = {12},
	pages = {P12038},
	author = {Martinelli, F. and Magliocca, C. and Cardella, R. and Charbon, E. and Iacobucci, G. and Nessi, M. and Paolozzi, L. and Rücker, H. and Valerio, P.},
	title = {Measurements and analysis of different front-end configurations for monolithic SiGe BiCMOS pixel detectors for HEP applications},
	journal = {Journal of Instrumentation}
}

@thesis{Kotitsa_thesis,
  author       = {FASER Collaboration},
  title        = {{FASER: Detector and Infrastructure Status Report}},
  institution  = {CERN},
  year         = {2023},
  number       = {CERN-FASER-NOTE-2023-001},
  url          = {https://cds.cern.ch/record/2927358},
  note         = {CERN-FASER-NOTE-2023-001}
}




  
  







